@MISC{trec_eval,
    title = {{TREC\_EVAL}},
    author = {{N}ational {I}nstitute of {S}tandards and {T}echnology},
    organization = {{N}ational {I}nstitute of {S}tandards and {T}echnology},
    url = {https://github.com/usnistgov/trec_eval},
    note = {Last Accessed: 2020-04-17},
    year = {2008}
}

@MISC{jsoup,
    title = {{jsoup}},
    author = {Hedley, Jonathan},
    url = {https://jsoup.org/},
    note = {Last Accessed: 2020-04-17},
    year = {2009}
}

@MISC{lucene,
    title = {{Lucene}},
    author = {The Apache Software Foundation},
    organization = {The Apache Software Foundation},
    url = {https://lucene.apache.org/},
    note = {Last Accessed: 2020-04-17},
    year = {2002}
}

@MISC{openSP,
    title = {{osx}},
    author = {OpenSP},
    year = {2020},
    note = {Last Accessed: 2020-04-17}, 
    url = {http://openjade.sourceforge.net/doc/index.htm}
}

@MISC{porterStemmer,
    title = {The {P}orter stemming algorithm},
    author = {Porter, Martin},
    year = {2002},
    url = {https://snowballstem.org/algorithms/english/stemmer.html},
}

@MISC{wordnet,
    title = {About {WordNet}},
    author = {Princeton University},
    organization = {Princeton University},
    year = {2010},
    url = {https://wordnet.princeton.edu/}
}

@MISC{snowball_filter,
    title = {{SnowballFilter}},
    author = {The Apache Software Foundation},
    organization = {The Apache Software Foundation},
    url = {https://lucene.apache.org/core/8_5_0/analyzers-common/org/apache/lucene/analysis/snowball/package-summary.html},
    note = {Last Accessed: 2020-04-17},
    year = {2002}
}

@MISC{StandardTokenizer,
    title = {{StandardTokenizer}},
    author = {The Apache Software Foundation},
    organization = {The Apache Software Foundation},
    url = {https://lucene.apache.org/core/8_0_0/core/org/apache/lucene/analysis/standard/StandardTokenizer.html},
    note = {Last Accessed: 2020-04-17},
    year = {2002}
}

@Misc{gnuplot ,                    
author={ Thomas Williams and Colin Kelley and {many others} },                
title={ Gnuplot 4.6: an interactive plotting program },                    
month={ April },                    
year={ 2013 },                    
howpublished={ \url{http://gnuplot.sourceforge.net/} }                    
}  
